@Book{CLRS,
  author = 	 {Cormen, Thomas H. and Leiserson, Charles E. and
                  Rivest, Ronald L. and Stein, Clifford},
  title = 	 {Introduction to Algorithms},
  publisher = 	 {The MIT Press},
  edition = 	 {3rd},
  year = 	 {2009},
}
